


@article{antonakis2017doing,
  title={On doing better science: From thrill of discovery to policy implications},
  author={Antonakis, John},
  journal={The Leadership Quarterly},
  volume={28},
  number={1},
  pages={5--21},
  year={2017},
  publisher={Elsevier},
 doi = {https://doi.org/10.1016/j.leaqua.2017.01.006}
}

@article{astivia2019heteroskedasticity,
  title={Heteroskedasticity in Multiple Regression Analysis: What it is, How to Detect it and How to Solve it with Applications in R and SPSS},
  author={Astivia, Oscar L Olvera and Zumbo, Bruno D},
  journal={Practical Assessment, Research, and Evaluation},
  volume={24},
  number={1},
  pages={1},
  year={2019}
}

@article{altman1994scandal,
	title={The scandal of poor medical research},
	author={Altman, Douglas G},
	journal={BMJ},
	volume={308},
	number={6924},
	pages={283--284},
	year={1994},
	publisher={British Medical Journal Publishing Group}
}

@article{altman1998statistical,
  title={Statistical reviewing for medical journals},
  author={Altman, Douglas G},
  journal={Statistics in medicine},
  volume={17},
  number={23},
  pages={2661--2674},
  year={1998},
  publisher={Wiley Online Library}
}


@article{altman2002poor,
  title={Poor-quality medical research: what can journals do?},
  author={Altman, Douglas G},
  journal={Jama},
  volume={287},
  number={21},
  pages={2765--2767},
  year={2002},
  publisher={American Medical Association}
}

@article{altman2002statistical,
  title={How statistical expertise is used in medical research},
  author={Altman, Douglas G and Goodman, Steven N and Schroter, Sara},
  journal={Jama},
  volume={287},
  number={21},
  pages={2817--2820},
  year={2002},
  publisher={American Medical Association}
}

@article{bakker2014outlier,
  title={Outlier removal and the relation with reporting errors and quality of psychological research},
  author={Bakker, Marjan and Wicherts, Jelte M},
  journal={PloS one},
  volume={9},
  number={7},
  pages={e103360},
  year={2014},
  publisher={Public Library of Science San Francisco, USA}
}

@article{bakker2014outlierb,
  title={Outlier removal, sum scores, and the inflation of the Type I error rate in independent samples t tests: the power of alternatives and recommendations.},
  author={Bakker, Marjan and Wicherts, Jelte M},
  journal={Psychological methods},
  volume={19},
  number={3},
  pages={409},
  year={2014},
  publisher={American Psychological Association}
}

@article{bero2018meta,
  title={Meta-research matters: Meta-spin cycles, the blindness of bias, and rebuilding trust},
  author={Bero, Lisa},
  journal={PLoS Biology},
  volume={16},
  number={4},
  pages={e2005972},
  year={2018},
  publisher={Public Library of Science San Francisco, CA USA}
}

@article{boutron2018misrepresentation,
  title={Misrepresentation and distortion of research in biomedical literature},
  author={Boutron, Isabelle and Ravaud, Philippe},
  journal={Proceedings of the National Academy of Sciences},
  volume={115},
  number={11},
  pages={2613--2619},
  year={2018},
  publisher={National Acad Sciences}
}

@article{brownstein2018perspective,
  title={Perspective from the Literature on the Role of Expert Judgment in Scientific and Statistical Research and Practice},
  author={Brownstein, Naomi C},
  journal={arXiv preprint arXiv:1809.04721},
  year={2018}
}

@article{cobo2007statistical,
  title={Statistical reviewers improve reporting in biomedical articles: a randomized trial},
  author={Cobo, Erik and Selva-O'Callagham, Albert and Ribera, Josep-Maria and Cardellach, Francesc and Dominguez, Ruth and Vilardell, Miquel},
  journal={PLoS One},
  volume={2},
  number={3},
  pages={e332},
  year={2007},
  publisher={Public Library of Science San Francisco, USA}
}

@article{bruns2019reporting,
  title={Reporting errors and biases in published empirical findings: Evidence from innovation research},
  author={Bruns, Stephan B and Asanov, Igor and Bode, Rasmus and Dunger, Melanie and Funk, Christoph and Hassan, Sherif M and Hauschildt, Julia and Heinisch, Dominik and Kempa, Karol and K{\"o}nig, Johannes and others},
  journal={Research Policy},
  volume={48},
  number={9},
  pages={103796},
  year={2019},
  publisher={Elsevier}
}

@article{conniffe1988ra,
  title={RA Fisher and the development of statistics-a view in his centerary year},
  author={Conniffe, Denis},
  journal={Journal of the statistical and social inquiry society of Ireland},
  volume={26},
  pages={55},
  year={1988},
  publisher={Statistical \& Social Inquiry Society of Ireland}
}

@article{benoit2011linear,
  title={Linear regression models with logarithmic transformations},
  author={Benoit, Kenneth},
  journal={London School of Economics, London},
  volume={22},
  number={1},
  pages={23--36},
  year={2011}
}

@article{christiano2021statistical,
  title={Statistical Assumptions in Orthopaedic Literature: Are Study Findings at Risk?},
  author={Christiano, Anthony V and London, Daniel A and Barbera, Joseph P and Frechette, Gregory M and Selverian, Stephen R and Nowacki, Amy S and Barbera, Joseph and Nowacki, Amy},
  journal={Cureus},
  volume={13},
  number={10},
  year={2021},
  publisher={Cureus}
}

  @misc{Chamberlain2014rplos,
	title = {rplos: Interface to PLoS Journals search API.},
	author = {Scott Chamberlain and Carl Boettiger and Karthik Ram},
	year = {2014 [cited 2024 Feb 10]},
	note = {R package version 0.8.6},
	url = {https://github.com/ropensci/rplos},
}

@article{ernst2017regression,
  title={Regression assumptions in clinical psychology research practiceâ€”a systematic review of common misconceptions},
  author={Ernst, Anja F and Albers, Casper J},
  journal={PeerJ},
  volume={5},
  pages={e3323},
  year={2017},
  publisher={PeerJ Inc.}
}

@article{fernandez2018reporting,
  title={Reporting of statistical regression analyses in Biom{\'e}dica: A critical assessment review},
  author={Fern{\'a}ndez-Ni{\~n}o, Juli{\'a}n Alfredo and Hern{\'a}ndez-Montes, Rosa Ivonne and Rodr{\'\i}guez-Villamizar, Laura Andrea},
  journal={Biom{\'e}dica},
  volume={38},
  number={2},
  pages={173--179},
  year={2018},
  publisher={Biomedical National Institute of Health}
}


@article{fleiss1981balanced,
  title={Balanced incomplete block designs for inter-rater reliability studies},
  author={Fleiss, Joseph L},
  journal={Applied psychological measurement},
  volume={5},
  number={1},
  pages={105--112},
  year={1981},
  publisher={Sage Publications Sage CA: Thousand Oaks, CA}
}

@article{forstmeier2017detecting,
  title={Detecting and avoiding likely false-positive findings--a practical guide},
  author={Forstmeier, Wolfgang and Wagenmakers, Eric-Jan and Parker, Timothy H},
  journal={Biological Reviews},
  volume={92},
  number={4},
  pages={1941--1968},
  year={2017},
  publisher={Wiley Online Library}
}

@book{garson2012testing,
  title={Testing statistical assumptions},
  author={Garson, G David},
  year={2012},
  publisher={Statistical associates publishing Asheboro, NC}
}

@article{gigerenzer2004mindless,
  title={Mindless statistics},
  author={Gigerenzer, Gerd},
  journal={The Journal of Socio-Economics},
  volume={33},
  number={5},
  pages={587--606},
  year={2004},
  publisher={Elsevier}
}

@article{gwet2008computing,
  title={Computing inter-rater reliability and its variance in the presence of high agreement},
  author={Gwet, Kilem Li},
  journal={British Journal of Mathematical and Statistical Psychology},
  volume={61},
  number={1},
  pages={29--48},
  year={2008},
  publisher={Wiley Online Library}
}

@misc{Hannay2020Everything,
	author = {Hannay, Kevin},
	title = {Everything is Just a Regression},
	journal={towards data science},
	year = {2020 [cited 2024 Feb 10]},
	url = {https://towardsdatascience.com/everything-is-just-a-regression-5a3bf22c459c},
	note = {Accessed: 6 January 2024}
}



@article{hardwicke2019should,
  title={Should psychology journals adopt specialized statistical review?},
  author={Hardwicke, TE and Frank, MC and Vazire, S and Goodman, SN},
  journal={Advances in Methods and Practices in Psychological Science},
  volume={2},
  number={3},
  pages={240--249},
  year={2019}
}


@article{hickey2019statistical,
  title={Statistical primer: checking model assumptions with regression diagnostics},
  author={Hickey, Graeme L and Kontopantelis, Evangelos and Takkenberg, Johanna JM and Beyersdorf, Friedhelm},
  journal={Interactive cardiovascular and thoracic surgery},
  volume={28},
  number={1},
  pages={1--8},
  year={2019},
  publisher={Oxford University Press}
}

@book{huck2015statistical,
	title={Statistical misconceptions: classic edition},
	author={Huck, Schuyler W},
	year={2015},
	publisher={Routledge},
	}

@article{ioannidis2014increasing,
  title={Increasing value and reducing waste in research design, conduct, and analysis},
  author={Ioannidis, John PA and Greenland, Sander and Hlatky, Mark A and Khoury, Muin J and Macleod, Malcolm R and Moher, David and Schulz, Kenneth F and Tibshirani, Robert},
  journal={The Lancet},
  volume={383},
  number={9912},
  pages={166--175},
  year={2014},
  publisher={Elsevier}
  
  }

@article{ioannidis2015meta,
  title={Meta-research: evaluation and improvement of research methods and practices},
  author={Ioannidis, John PA and Fanelli, Daniele and Dunne, Debbie Drake and Goodman, Steven N},
  journal={PLoS biology},
  volume={13},
  number={10},
  pages={e1002264},
  year={2015},
  publisher={Public Library of Science San Francisco, CA USA}
}


@article{ioannidis2018meta,
  title={Meta-research: Why research on research matters},
  author={Ioannidis, John PA},
  journal={PLoS biology},
  volume={16},
  number={3},
  pages={e2005468},
  year={2018},
  publisher={Public Library of Science San Francisco, CA USA}
}

@misc{lee_jones_2024_10620146,
  author       = {Lee Jones},
  title        = {Lee-V-Jones/statistical-quality: Protocol},
  year          ={2024 [cited 2024 Feb 5]},
  publisher    = {Zenodo},
  version      = {v1.1},
  doi          = {10.5281/zenodo.10620146},
  url          = {https://doi.org/10.5281/zenodo.10620146},
  note = {Last accessed on 2024-02-06}
}

@misc{lee_jones_2024_10645770,
  author       = {Lee Jones},
  title        = {{Lee-V- 
                   Jones/Reporting\_Linear\_Regression\_Assumptions:
                   PrePrint}},
  month        = {2024 [cited 2024 Feb 11]},
  year         = 2024,
  publisher    = {Zenodo},
  version      = {v1.1},
  doi          = {10.5281/zenodo.10645770},
  url          = {https://doi.org/10.5281/zenodo.10645770}
}


@book{kaufman2013heteroskedasticity,
  title={Heteroskedasticity in regression: Detection and correction},
  author={Kaufman, Robert L},
  year={2013},
  publisher={Sage Publications}
}

@article{king2019using,
  title={Using implementation science to close the gap between the optimal and typical practice of quantitative methods in clinical science.},
  author={King, Kevin M and Pullmann, Michael D and Lyon, Aaron R and Dorsey, Shannon and Lewis, Cara C},
  journal={Journal of abnormal psychology},
  volume={128},
  number={6},
  pages={547},
  year={2019},
  publisher={American Psychological Association}
}

@article{landis1977measurement,
  title={The measurement of observer agreement for categorical data},
  author={Landis, J Richard and Koch, Gary G},
  journal={biometrics},
  pages={159--174},
  year={1977},
  publisher={JSTOR}
}

@article{lang2013basic,
  title={Basic statistical reporting for articles published in clinical medical journals: the SAMPL Guidelines},
  author={Lang, T and Altman, D},
  journal={Science Editorsâ€™ Handbook, European Association of Science Editors},
  pages={1--9},
  year={2013}
}

@book{montgomery2021introduction,
  title={Introduction to linear regression analysis},
  author={Montgomery, Douglas C and Peck, Elizabeth A and Vining, G Geoffrey},
  year={2021},
  publisher={John Wiley \& Sons}

}

@article{nimon2012statistical,
  title={Statistical assumptions of substantive analyses across the general linear model: a mini-review},
  author={Nimon, Kim F},
  journal={Frontiers in psychology},
  volume={3},
  pages={322},
  year={2012},
  publisher={Frontiers Research Foundation}
}

@book{neter1996applied,
	title={Applied linear statistical models},
	author={Neter, John and Kutner, Michael H and Nachtsheim, Christopher J and Wasserman, William and others},
	year={1996},
	publisher={Irwin Chicago}
}

@misc{pass2013,
	author = {NCSS, LLC},
	title = {PASS 12},
	year = {2013 [cited 2024 Feb 10]},
	publisher = {NCSS, LLC},
	version = {Version 14},
	url = {https://www.ncss.com/software/pass/},
	note = {Power Analysis and Sample Size Software}
}

@misc{PLOS2019,
	author = {{PLOS Data Advisory Board}},
	title = {Data Availability},
	year = {2019 [cited 2024 Feb 10]},
	publisher  = {PLOS},
	url = {https://journals.plos.org/plosone/s/data-availability}
}




@misc{Rteam,
	title = {R: A Language and Environment for Statistical Computing},
	author = {{R Core Team}},
	organization = {R Foundation for Statistical Computing},
	address = {Vienna, Austria},
	year = {2023 [cited 2024 Feb 10]},
	url = {https://www.R-project.org/},
}

@article{real2016quality,
  title={Quality reporting of multivariable regression models in observational studies: review of a representative sample of articles published in biomedical journals},
  author={Real, Jordi and Forn{\'e}, Carles and Roso-Llorach, Albert and Mart{\'\i}nez-S{\'a}nchez, Jose M},
  journal={Medicine},
  volume={95},
  number={20},
  year={2016},
  publisher={Wolters Kluwer Health}
}

@article{schulz2022future,
  title={Is the future of peer review automated?},
  author={Schulz, Robert and Barnett, Adrian and Bernard, Ren{\'e} and Brown, Nicholas JL and Byrne, Jennifer A and Eckmann, Peter and Gazda, Ma{\l}gorzata A and Kilicoglu, Halil and Prager, Eric M and Salholz-Hillel, Maia and others},
  journal={BMC Research Notes},
  volume={15},
  number={1},
  pages={1--5},
  year={2022},
  publisher={BioMed Central}
}

@article{simmons2011false,
	title={False-positive psychology: Undisclosed flexibility in data collection and analysis allows presenting anything as significant},
	author={Simmons, Joseph P and Nelson, Leif D and Simonsohn, Uri},
	journal={Psychological science},
	volume={22},
	number={11},
	pages={1359--1366},
	year={2011},
	publisher={Sage Publications Sage CA: Los Angeles, CA}
}

@misc{Statsoc2023,
	author = {{Statistical Society of Australia}},
	title = {Accreditation Assessment Criteria},
	year = {2024 [cited 2024 Feb 10]},
	url = {https://www.statsoc.org.au/Accreditation-Assessment-Criteria}
}

@article{stark2018cargo,
	title={Cargo-cult statistics and scientific crisis},
	author={Stark, Philip B and Saltelli, Andrea},
	journal={Significance},
	volume={15},
	number={4},
	pages={40--43},
	year={2018},
	publisher={Oxford University Press}
}

@article{strasak2007use,
	title={The use of statistics in medical research: A comparison of The New England Journal of Medicine and Nature Medicine},
	author={Strasak, Alexander M and Zaman, Qamruz and Marinell, Gerhard and Pfeiffer, Karl P and Ulmer, Hanno},
	journal={The American Statistician},
	volume={61},
	number={1},
	pages={47--55},
	year={2007},
	publisher={Taylor \& Francis}
}

@book{tabachnick2007using,
	title={Using multivariate statistics},
	author={Tabachnick, Barbara G and Fidell, Linda S and Ullman, Jodie B},
	volume={5},
	year={2007},
	publisher={Pearson Boston, MA}
}

@article{thiese2015misuse,
	title={The misuse and abuse of statistics in biomedical research},
	author={Thiese, Matthew S and Arnold, Zachary C and Walker, Skyler D},
	journal={Biochemia medica},
	volume={25},
	number={1},
	pages={5--11},
	year={2015},
	publisher={Medicinska naklada}
}

@book{thode2002testing,
	title={Testing for normality},
	author={Thode, Henry C},
	volume={164},
	year={2002},
	publisher={CRC press}
}

@article{valentine2018have,
	title={Have researchers increased reporting of outliers in response to the reproducibility crisis?},
	author={Valentine, Kathrene D and Buchanan, Erin Michelle and Cunningham, Arielle and Hopke, Tabetha Gaile and Wikowsky, Addie and Wilson, Haley},
	journal={Social and Personality Psychology Compass},
	year={2021},
	volume={15},
	number={5},
	pages={e12591}
	
}

@article{von2007strengthening,
  title={The Strengthening the Reporting of Observational Studies in Epidemiology (STROBE) statement: guidelines for reporting observational studies},
  author={Von Elm, Erik and Altman, Douglas G and Egger, Matthias and Pocock, Stuart J and G{\o}tzsche, Peter C and Vandenbroucke, Jan P},
  journal={PLos Med},
  volume={4},
  number={10},
  pages={e296},
  year={2007}
}

@book{norman2003PDQ,
	title={PDQ statistics},
	author={Norman, Geoffrey R and Streiner, David L},
	year={2003},
	publisher={PMPH USA}
}


@article{wicherts2016degrees,
	title={Degrees of freedom in planning, running, analyzing, and reporting psychological studies: A checklist to avoid p-hacking},
	author={Wicherts, Jelte M and Veldkamp, Coosje LS and Augusteijn, Hilde EM and Bakker, Marjan and Van Aert, Robbie and Van Assen, Marcel ALM},
	journal={Frontiers in Psychology},
	volume={7},
	pages={1832},
	year={2016},
	publisher={Frontiers}
	
	}

@article{williams2013assumptions,
	title={Assumptions of multiple regression: Correcting two misconceptions},
	author={Williams, Matt N and Grajales, Carlos Alberto G{\'o}mez and Kurkiewicz, Dason},
	journal={Practical Assessment, Research, and Evaluation},
	volume={18},
	number={1},
	pages={11},
	year={2013}
}



@book{weisberg2005applied,
	title={Applied linear regression},
	author={Weisberg, Sanford},
	volume={528},
	year={2005},
	publisher={John Wiley \& Sons}
}



@article{zhou2017reassessment,
	title={A Reassessment of ANOVA Reporting Practices: A Review of Three APA Journals},
	author={Zhou, Yuanyuan and Skidmore, Susan Troncoso},
	journal={Journal of Methods and Measurement in the Social Sciences},
	volume={8},
	number={1},
	pages={3--19},
	year={2017}
}


